@techreport{sloweq,
	title		= "Laboratory observations of slow earthquakes and the spectrum of tectonic fault slip modes. Nat. Commun. 7:11104 doi: 10.1038/ncomms11104",
	author	= "J. R. Leeman et al.",
	url 		= "https://www.nature.com/articles/ncomms11104",
	note		= "2016"
}

@techreport{mleq,
	title	 	= "Machine {L}earning {P}redicts {L}aboratory {E}arthquakes",
	author	= "Bertrand Rouet-Leduc and Claudia Hulbert and Nicholas Lubbers and Kipton Barros and Colin J. Humphreys and Paul A. Johnson",
	url		= "https://doi.org/10.1002/2017GL074677",
	note	 	= "2017"
}

@online{challenge,
	title	  	= "L{ANL} {E}arthquake {P}rediction",
	url		= "https://www.kaggle.com/c/LANL-Earthquake-Prediction",
	note	  	= "2019"
}

@online{kernelpreda,
	title		= "L{ANL} {E}arthquake {EDA} and {P}rediction",
	author		= "Gabriel Preda",
	url 		= "https://www.kaggle.com/gpreda/lanl-earthquake-eda-and-prediction",
	note		= "2019"
}

@online{kernelallunia,
	title		= "Shaking {E}arth",
	author		= "Allunia",
	url 		= "https://www.kaggle.com/allunia/shaking-earth",
	note		= "2019"
}

@online{kernelinit,
	title		= "Basic {F}eature {B}enchmark",
	author		= "inversion",
	url 		= "https://www.kaggle.com/inversion/basic-feature-benchmark",
	note		= "2019"
}